@article{shane,
  title={Measuring disorder in irreversible decay processes},
  author={Flynn, Shane W and Zhao, Helen C and Green, Jason R},
  journal={The Journal of chemical physics},
  volume={141},
  number={10},
  pages={104107},
  year={2014},
  publisher={AIP Publishing}
}

@article{jon,
  title={Order and disorder in irreversible decay processes},
  author={Nichols, Jonathan W and Flynn, Shane W and Green, Jason R},
  journal={The Journal of chemical physics},
  volume={142},
  number={6},
  pages={064113},
  year={2015},
  publisher={AIP Publishing}
}